<?xml version="1.0" encoding="UTF-8"?><collection xmlns="http://www.loc.gov/MARC21/slim"><record><leader>00448nam--2200181-i-4500</leader><controlfield tag="001">000027328</controlfield><controlfield tag="002">20161230</controlfield><controlfield tag="005">20161230201036</controlfield><controlfield tag="008">060222s1000------------r-----000-0-ger-d</controlfield><datafield ind1=" " ind2=" " tag="040"><subfield code="a">IFIN-HH</subfield></datafield><datafield ind1=" " ind2=" " tag="041"><subfield code="a">ger</subfield></datafield><datafield ind1=" " ind2=" " tag="080"><subfield code="a">531.19</subfield></datafield><datafield ind1="1" ind2=" " tag="100"><subfield code="a">Koppe, Heinz</subfield></datafield><datafield ind1="1" ind2="0" tag="245"><subfield code="a">Die grundlagen der statistischen mechanik</subfield><subfield code="c">Heinz Koppe</subfield></datafield><datafield ind1=" " ind2=" " tag="260"><subfield code="a">Leipzig, S.Hirzel Verlag, 1949</subfield></datafield><datafield ind1=" " ind2=" " tag="300"><subfield code="a">78P</subfield></datafield><datafield ind1=" " ind2=" " tag="852"><subfield code="a">76508</subfield><subfield code="c">531</subfield></datafield><datafield ind1=" " ind2=" " tag="CAT"><subfield code="a">Sys</subfield><subfield code="c">20100708</subfield><subfield code="h">101916</subfield></datafield></record></collection>